


@misc{OCR:ModeloCascada,
  author = {Pablo Domínguez, OpenClassRooms},
  title = {{En qué consiste el modelo en cascada}},
  howpublished = "\url{https://openclassrooms.com/en/courses/4309151-gestiona-tu-proyecto-de-desarrollo/4538221-en-que-consiste-el-modelo-en-cascada}",
  year = {2017}, 
  note = "[Online; accessed 10-March-2019]"
}

@misc{ASH:2013:Online,
author = {Varios Autores},
title = {Archivo Situacionista Hispano},
year = {1999},
howpublished = "url{http://sindominio.net/ash}",
urldate = {01-10-2013}
}

@misc{Express:Docs,
  author = {StrongLoop, Inc.},
  title = {{Documentación Express}},
  howpublished = "\url{https://expressjs.com/es/}",
  year = {2019}, 
  note = "[Online; accessed 03-February-2019]"
}

https://insights.stackoverflow.com/survey/2018#most-popular-technologies
https://expressjs.com/es/
https://hackr.io/blog/top-10-web-development-frameworks-in-2019
https://openclassrooms.com/en/courses/4309151-gestiona-tu-proyecto-de-desarrollo/4538221-en-que-consiste-el-modelo-en-cascada